@inproceedings{keshava2006,
  title={A simpler, intuitive approach to morpheme induction},
  author={Keshava, Samarth and Pitler, Emily},
  booktitle={Proceedings of 2nd Pascal Challenges Workshop},
  pages={31--35},
  year={2006}
}

@misc{syntagrus,
    title     = {SynTagRus},
    howpublished = "\url{https://github.com/UniversalDependencies/UD\_Russian-SynTagRus}"
}

@misc{ortho,
    title     = {Russian orthographic dictionary},
    howpublished = "\url{http://dazor.narod.ru/russkie/slovari/orfograficheskij/orfograficheskij-slovar-a.htm}"
}

@misc{words1932,
    title     = {850 English words: {C.K.} {O}gden in The {ABC} of Basic English},
    year      = {1932},
    howpublished = "\url{http://en.wikipedia.org/wiki/Words_(Unix)}"
}

@misc{conll2000,
    title     = {CONLL 2000 Chunking Data},
    year      = {2000},
    howpublished = "\url{http://cnts.uia.ac.be/conll2000/chunking/}"
}

@misc{cmudict,
    title     = {The Carnegie Mellon Pronuncing Dicitonary},
    howpublished = "\url{https://cmusphinx.svn.sourceforge.net/svnroot/cmusphinx/trunk/cmudict/cmudict.0.7a}"
}

@misc{aozora,
    title     = {Aozora},
    howpublished = "\url{http://www.aozora.gr.jp}"
}

